@misc{OnlineToturialNeuralStylePyTorch,
	author = {Alexis Jacq},
	title = {Neural Transfer using PyTorch},
	year = {2018},
	urldate  = {2019-08-16},
	howpublished = {\url{https://pytorch.org/tutorials/advanced/neural_style_tutorial.html}},
	keywords = {online}
}

@misc{cs231n2,
	author = {Andrej Karpathy},
	year = {2019},
	institution = {Stanford University},
	urldate  = {2019-08-16},
	title = {Module 1: Neural Networks: Backpropagation, Intuitions},
	howpublished = {\url{https://cs231n.github.io/optimization-2}},
	keywords = {online}
}

\@misc{pytorch-implementation-of-perceptual-losses-for-real-time-style-transfer,
	title = {Pytorch Implementation of Perceptual Losses for Real-Time Style Transfer},
	author = {Ceshine Lee},
	year = {2017},
	month = {07},
	publisher = {Towards Data Science},
	urldate  = {2019-08-16},
	howpublished = {\url{https://towardsdatascience.com/8d608e2e9902}},
	keywords = {online}
}
