@misc{engstrom2016faststyletransfer,
	author = {Logan Engstrom},
	title = {Fast Style Transfer},
	year = {2016},
	urldate  = {2019-08-16},
	howpublished = {\url{https://github.com/lengstrom/fast-style-transfer/}},
	note = {commit c77c028fe4412ce0bbb0e9f281a5970ab90fc7a5}
}

@misc{Johnson2015,
  author = {Johnson, Justin},
  title = {neural-style},
  year = {2015},
  publisher = {GitHub},
  journal = {GitHub repository},
  urldate  = {2019-08-16},
  howpublished = {\url{https://github.com/jcjohnson/neural-style}},
  keywords = {online}
}

@misc{Johnson2016,
  author = {Johnson, Justin},
  title = {fast-neural-style},
  year = {2016},
  publisher = {GitHub},
  journal = {GitHub repository},
  urldate  = {2019-08-16},
  howpublished = {\url{https://github.com/jcjohnson/fast-neural-style}},
  keywords = {online}
}

@misc{PyTorchFastNeuralStyle,
	author = {PyTorch},
	title = {Example: fast-neural-style},
	year = {2018},
	publisher = {GitHub},
	journal = {GitHub repository},
	urldate  = {2019-08-16},
	howpublished = {\url{https://github.com/pytorch/examples/tree/master/fast_neural_style}},
	keywords = {online}
}